@book{golub2013matrix,
    title={Matrix computations},
    author={Golub, Gene H and Van Loan, Charles F},
    year={2013},
    publisher={JHU press}
}

@book{higham2002accuracy,
    title={Accuracy and stability of numerical algorithms},
    author={Higham, Nicholas J},
    year={2002},
    publisher={SIAM}
}

@article{vandebril2005note,
    title={A note on the representation and definition of semiseparable matrices},
    author={Vandebril, Raf and Van Barel, Marc and Mastronardi, Nicola},
    journal={Numerical Linear Algebra with Applications},
    volume={12},
    number={8},
    pages={839--858},
    year={2005},
    publisher={Wiley Online Library}
}

@article{higham2009cholesky,
    author = {Higham, Nicholas},
    year = {2009},
    month = {09},
    pages = {251 - 254},
    title = {Cholesky Factorization},
    volume = {1},
    journal = {Wiley Interdisciplinary Reviews: Computational Statistics},
    doi = {10.1002/wics.18}
}

@book{hunger2005floating,
  title={Floating point operations in matrix-vector calculus},
  author={Hunger, Raphael},
  volume={2019},
  year={2005},
  publisher={Munich University of Technology, Inst. for Circuit Theory and Signal~â€¦}
}

@article{rozsa1991band,
  title={On band matrices and their inverses},
  author={R{\'o}zsa, P{\'a}l and Bevilacqua, Roberto and Romani, Francesco and Favati, Paola},
  journal={Linear Algebra and Its Applications},
  volume={150},
  pages={287--295},
  year={1991},
  publisher={Elsevier}
}


@incollection{jain2010n,
  title={O (n) algorithms for banded plus semiseparable matrices},
  author={Jain, Jitesh and Li, Hong and Koh, Cheng-Kok and Balakrishnan, Venkataramanan},
  booktitle={Numerical methods for structured matrices and applications},
  pages={347--358},
  year={2010},
  publisher={Springer}
}

@article{asplund1959inverses,
  title={Inverses of matrices $\{$a ij$\}$ which satisfy a ij= 0 for j> i+ p},
  author={Asplund, Edgar},
  journal={Mathematica Scandinavica},
  pages={57--60},
  year={1959},
  publisher={JSTOR}
}


@article{vandebril2005bibliography,
  title={A bibliography on semiseparable matrices},
  author={Vandebril, Raf and Barel, M Van and Golub, Gene and Mastronardi, Nicola},
  journal={Calcolo},
  volume={42},
  number={3},
  pages={249--270},
  year={2005},
  publisher={Springer}
}

@book{vandebril2007matrix,
  title={Matrix computations and semiseparable matrices: linear systems},
  author={Vandebril, Raf and Van Barel, Marc and Mastronardi, Nicola},
  volume={1},
  year={2007},
  publisher={JHU Press}
}

@article{chandrasekaran2000fast,
  title={Fast and stable eigendecomposition of symmetric banded plus semi-separable matrices},
  author={Chandrasekaran, S and Gu, M},
  journal={Linear Algebra and Its Applications},
  volume={313},
  number={1-3},
  pages={107--114},
  year={2000},
  publisher={North-Holland}
}






