@article{nabben1999decay,
  title={Decay rates of the inverse of nonsymmetric tridiagonal and band matrices},
  author={Nabben, Reinhard},
  journal={SIAM Journal on Matrix Analysis and Applications},
  volume={20},
  number={3},
  pages={820--837},
  year={1999},
  publisher={SIAM}
}
